<record><leader>00000cas a2200000 a 4500</leader><controlfield tag="001">11096561</controlfield><controlfield tag="008">840828d18961906ksuwr ne      0   a0eng d</controlfield><datafield ind1=" " ind2=" " tag="010"><subfield code="a">sn 84029434 </subfield></datafield><datafield ind1=" " ind2=" " tag="040"><subfield code="a">KSH</subfield><subfield code="b">eng</subfield><subfield code="c">KSH</subfield><subfield code="d">NPT</subfield><subfield code="d">OCL</subfield><subfield code="d">OCLCQ</subfield></datafield><datafield ind1=" " ind2=" " tag="042"><subfield code="a">msc</subfield></datafield><datafield ind1="0" ind2="4" tag="245"><subfield code="a">The Manchester news.</subfield></datafield><datafield ind1=" " ind2=" " tag="260"><subfield code="a">Manchester, Kan. :</subfield><subfield code="b">Z.H. Wise,</subfield><subfield code="c">-1906.</subfield></datafield><datafield ind1=" " ind2=" " tag="300"><subfield code="a">v. :</subfield><subfield code="b">ill. ;</subfield><subfield code="c">55 cm.</subfield></datafield><datafield ind1=" " ind2=" " tag="310"><subfield code="a">Weekly</subfield></datafield><datafield ind1="0" ind2=" " tag="362"><subfield code="a">-v. 11, no. 38 (Nov. 22, 1906).</subfield></datafield><datafield ind1="1" ind2=" " tag="362"><subfield code="a">Began in Mar. 1896.</subfield></datafield><datafield ind1=" " ind2=" " tag="588"><subfield code="a">Description based on: Vol. 1, no. 38 (Nov. 26, 1896).</subfield></datafield><datafield ind1=" " ind2=" " tag="752"><subfield code="a">United States</subfield><subfield code="b">Kansas</subfield><subfield code="c">Dickinson</subfield><subfield code="d">Manchester.</subfield></datafield><datafield ind1="1" ind2=" " tag="029"><subfield code="a">AU@</subfield><subfield code="b">000020338529</subfield></datafield></record>